@InProceedings{SuperViseur,
  author={Philippe Dessus and Olivier Cosnefroy and Vanda Luengo},
  title="{"Keep} Your Eyes on 'em all!{"}: A Mobile Eye-Tracking Analysis of Teachers' Sensitivity to Students",
  booktitle={Adaptative and Adaptable Learning: 11th European Conference on Technology Enhanced Learning (EC-TEL 2016)},
  year={2016}}
@InProceedings{OrchestrationLoad,
  author={Luis P. Prieto and Kshitij Sharma and Yun Wen and Pierre Dillenbourg},
  title={The Burden of Facilitating Collaboration: Towards Estimation of Teacher Orchestration Load using Eye-Tracking Measures},
  booktitle={Exploring the Material Conditions of Learning : The Computer Supported Collaborative Learning (CSCL) Conference 2015},
  year={2015}
}
@Article{VanDenBogert,
  author={N. Van Den Bogert and J. Van Bruggen and D. Kostons and W.M.G Jochems},
  title={First steps into understanding teachers' visual perception of classroom events},
  journal={Teaching and Teacher Education},
  volume={37},
  pages={208-216},
  year={2014}
}
@Article{Cortina,
  author={K.S. Cortina and K.F Miller and R. McKenzie and A. Epstein},
  title={Where low and high inference data converge: Validation of CLASS assessment of mathematics instruction using mobile eye tracking with expert and novice teachers},
  journal={International Journal of Science and Mathematics Education},
  volume={13(2)},
  pages={389-403},
  year={2015}
}
@Book{CLASS,
  author={R.C. Pianta and K.M. La Paro and B.K. Hamre},
  title={Classroom assessment scoring system: Manual K-3},
  publisher={Brookes},
  address={Baltimore},
  year={2008}
}
@Book{TDOP,
  author={M.T. Hora and A. Oleson and J.J. Ferrare},
  title={Teaching Dimensions Observation Protocol (TDOP) user's manual},
  publisher={Wisconsin Center for Education Research},
  address={University of Wisconsin-Madison, Madison},
  year={2013}
}
